@inproceedings {Wang:2013,
author = {Ruoyu Wang and Yan Shoshitaishvili and Christopher Kruegel and Giovanni Vigna},
title = {Steal This Movie: Automatically Bypassing {DRM} Protection in Streaming Media Services},
booktitle = {Presented as part of the 22nd {USENIX} Security Symposium ({USENIX} Security 13)},
year = {2013},
isbn = {978-1-931971-03-4},
address = {Washington, D.C.},
pages = {687--702},
url = {https://www.usenix.org/conference/usenixsecurity13/technical-sessions/paper/wang_ruoyu},
publisher = {{USENIX}},
}

@article{Michiels:2005,
  title={Digital rights management-a survey of existing technologies},
  author={Michiels, Sam and Joosen, Wouter and Truyen, Eddy and Verslype, Kristof},
  year={2005},
  publisher={Department of Computer Science, KU Leuven}
}

@incollection{Hauser:2003,
  title={DRM under attack: weaknesses in existing systems},
  author={Hauser, Tobias and Wenz, Christian},
  booktitle={Digital Rights Management},
  pages={206--223},
  year={2003},
  publisher={Springer}
}

@inproceedings{Ku:2004,
  title={Survey on the technological aspects of digital rights management},
  author={Ku, William and Chi, Chi-Hung},
  booktitle={International Conference on Information Security},
  pages={391--403},
  year={2004},
  organization={Springer}
}

@article{Stamp:2003,
  title={Digital rights management: the technology behind the hype.},
  author={Stamp, Mark},
  journal={J. Electron. Commerce Res.},
  volume={4},
  number={3},
  pages={102--112},
  year={2003}
}

@inproceedings{Halderman:2006,
  title={Lessons from the Sony CD DRM Episode.},
  author={Halderman, J Alex and Felten, Edward W},
  booktitle={USENIX Security Symposium},
  pages={77--92},
  year={2006}
}

@inproceedings{Choi:2016,
 author = {Choi, Jusop and Aiken, William and Ryoo, Jungwoo and Kim, Hyoungshick},
 title = {Bypassing the Integrity Checking of Rights Objects in OMA DRM: A Case Study with the MelOn Music Service},
 booktitle = {Proceedings of the 10th International Conference on Ubiquitous Information Management and Communication},
 series = {IMCOM '16},
 year = {2016},
 isbn = {978-1-4503-4142-4},
 location = {Danang, Viet Nam},
 pages = {62:1--62:5},
 articleno = {62},
 numpages = {5},
 url = {http://doi.acm.org/10.1145/2857546.2857609},
 doi = {10.1145/2857546.2857609},
 acmid = {2857609},
 publisher = {ACM},
 address = {New York, NY, USA},
 keywords = {MelOn, OMA DRM, bypassing, reverse-engineering},
} 

@article{Newger:2016,
  title={Anti-RE Techniques in DRM Code},
  author={Newger, Jan},
  journal={DEFCON 16},
  year={2016},
 url = {https://www.defcon.org/images/defcon-16/dc16-presentations/newger/defcon-16-newger-wp.pdf},
 note = {https://www.defcon.org/images/defcon-16/dc16-presentations/newger/defcon-16-newger-wp.pdf}
}

@article{Doerr:2010,
author={T. Furon and G. Doerr},
journal={IEEE Security Privacy},
title={Tracing Pirated Content on the Internet: Unwinding Ariadne's Thread},
year={2010},
volume={8},
number={5},
pages={69-71},
keywords={Internet;data privacy;digital rights management;multimedia systems;DRM technology;Internet content piracy;content fingerprinting;digital rights management;multimedia content protection;pirated content;traitor tracing;Cryptography;Fingerprint recognition;Internet;Multimedia communication;Watermarking;Gabor Tardos;Internet;anticollusion codes;content fingerprinting;content piracy;digital rights management;digital watermarking;multimedia;security and privacy;traitor tracing},
doi={10.1109/MSP.2010.167},
ISSN={1540-7993},
month={Sept},}
