@article{Tripathi:2018,
 author = {Tripathi, Nikhil and Hubballi, Neminath},
 title = {Slow Rate Denial of Service Attacks Against HTTP/2 and Detection},
 journal = {Comput. Secur.},
 issue_date = {January 2018},
 volume = {72},
 number = {C},
 month = jan,
 year = {2018},
 issn = {0167-4048},
 pages = {255--272},
 numpages = {18},
 url = {https://doi.org/10.1016/j.cose.2017.09.009},
 doi = {10.1016/j.cose.2017.09.009},
 acmid = {3162826},
 publisher = {Elsevier Advanced Technology Publications},
 address = {Oxford, UK, UK},
 keywords = {Anomaly detection, Chi-square test, DoS Attacks, HTTP/1.1, HTTP/2, Vulnerability assessment},
} 

@INPROCEEDINGS{Feinstein:2003,
author={L. Feinstein and D. Schnackenberg and R. Balupari and D. Kindred},
booktitle={Proceedings DARPA Information Survivability Conference and Exposition},
title={Statistical approaches to DDoS attack detection and response},
year={2003},
volume={1},
number={},
pages={303-314 vol.1},
keywords={Internet;computer crime;entropy;performance evaluation;statistical distributions;telecommunication security;DDoS;Internet core;anomalies;attack detection;attack response;detection accuracy;distributed denial of service;edge network;entropy;frequency-sorted distributions;live traffic traces;performance;selected packet attributes;statistical approaches;stealthy attacks;Computer crime;Computer networks;Distributed computing;Entropy;Frequency;IP networks;Performance analysis;Prototypes;Telecommunication traffic;Web and internet services},
doi={10.1109/DISCEX.2003.1194894},
ISSN={},
month={April},}

@INPROCEEDINGS{Adi:2015,
	author={E. Adi and Z. Baig and C. P. Lam and P. Hingston},
	booktitle={2015 5th International Conference on IT Convergence and Security (ICITCS)},
	title={Low-Rate Denial-of-Service Attacks against HTTP/2 Services},
	year={2015},
	volume={},
	number={},
	pages={1-5},
	keywords={Internet;computer network security;file servers;transport protocols;Denial-of-Service attack;DoS attack;HTTP protocol;HTTP/2 service;Web server;Computer crime;Computers;Delays;Protocols;Web servers},
	doi={10.1109/ICITCS.2015.7292994},
	ISSN={},
	month={Aug},
}

@article{Adi:2016,
 author = {Adi, Erwin and Baig, Zubair A. and Hingston, Philip and Lam, Chiou-Peng},
 title = {Distributed Denial-of-service Attacks Against HTTP/2 Services},
 journal = {Cluster Computing},
 issue_date = {March     2016},
 volume = {19},
 number = {1},
 month = mar,
 year = {2016},
 issn = {1386-7857},
 pages = {79--86},
 numpages = {8},
 url = {http://dx.doi.org/10.1007/s10586-015-0528-7},
 doi = {10.1007/s10586-015-0528-7},
 acmid = {2909317},
 publisher = {Kluwer Academic Publishers},
 address = {Hingham, MA, USA},
 keywords = {DDoS attacks, HTTP/2, attack Modeling},
}

@misc{Imperva:h2,
	title = {In-depth analysis of the top four flaws of the next generation web protocol},
	howpublished={https://www.imperva.com/docs/Imperva\_HII\_HTTP2.pdf},
	note = {Accessed: 2018-03-31},
	issue_date = {August 2016},
}

@misc{Neustar:report,
	title = {Worldwide DDoS Attacks \& Cyber Insights Research Report},
	howpublished={https://ns-cdn.neustar.biz/creative\_services/biz/neustar/www/resources/whitepapers/it-security/ddos/neustar-2017-worldwide-ddos-attacks-cyber-insights-research-report.pdf},
	note = {Accessed: 2018-03-31},
	issue_date = {May 2017},
}

@phdthesis{Adi:2017,
	title = "Denial-of-service attack modelling and detection for HTTP/2 services",
	author = "Erwin Adi",
	year = "2017 (accessed Febuary 21, 2017)",
	school = "Edith Cowan University",
	howpublished = "http://ro.ecu.edu.au/theses/1953",
}
