@article{Tripathi:2018,
title = "Slow rate denial of service attacks against {HTTP/2} and detection",
journal = "Computers and Security",
volume = "72",
pages = "255 - 272",
year = "2018",
issn = "0167-4048",
doi = "https://doi.org/10.1016/j.cose.2017.09.009",
url = "http://www.sciencedirect.com/science/article/pii/S0167404817301980",
author = "Nikhil Tripathi and Neminath Hubballi",
keywords = "HTTP/2, HTTP/1.1, DoS Attacks, Vulnerability assessment, Chi-square test, Anomaly detection"
}

@book{Grigorik:2013,
  title={High Performance Browser Networking: What every web developer should know about networking and browser performance},
  author={Grigorik, I.},
  isbn={9781449344764},
  lccn={2015431558},
  url={https://books.google.co.uk/books?id=X\_SsMQEACAAJ},
  year={2013},
  publisher={O'Reilly Media, Incorporated}
}

@INPROCEEDINGS{Adi:2015,
	author={E. Adi and Z. Baig and C. P. Lam and P. Hingston},
	booktitle={2015 5th International Conference on IT Convergence and Security (ICITCS)},
	title={Low-Rate Denial-of-Service Attacks against HTTP/2 Services},
	year={2015},
	volume={},
	number={},
	pages={1-5},
	keywords={Internet;computer network security;file servers;transport protocols;Denial-of-Service attack;DoS attack;HTTP protocol;HTTP/2 service;Web server;Computer crime;Computers;Delays;Protocols;Web servers},
	doi={10.1109/ICITCS.2015.7292994},
	ISSN={},
	month={Aug},
}

@article{Adi:2016,
 author = {Adi, Erwin and Baig, Zubair A. and Hingston, Philip and Lam, Chiou-Peng},
 title = {Distributed Denial-of-service Attacks Against HTTP/2 Services},
 journal = {Cluster Computing},
 issue_date = {March     2016},
 volume = {19},
 number = {1},
 month = mar,
 year = {2016},
 issn = {1386-7857},
 pages = {79--86},
 numpages = {8},
 url = {http://dx.doi.org/10.1007/s10586-015-0528-7},
 doi = {10.1007/s10586-015-0528-7},
 acmid = {2909317},
 publisher = {Kluwer Academic Publishers},
 address = {Hingham, MA, USA},
 keywords = {DDoS attacks, HTTP/2, attack Modeling},
}

@phdthesis{Adi:2017,
	title = "Denial-of-service attack modelling and detection for HTTP/2 services",
	author = "Erwin Adi",
	year = "2017 (accessed Febuary 21, 2017)",
	school = "Edith Cowan University",
	howpublished = "\url{http://ro.ecu.edu.au/theses/1953}",
}
